@Preamble{{\RequireBiber[2]}}

@String{ AAAI88 = {Proc.\ of the 7th Nat.\ Conf.\ on Artificial Intelligence ({AAAI 1988})}}
@String{ AAAI05 = {Proc.\ of the 20th Nat.\ Conf.\ on Artificial Intelligence ({AAAI 2005}) and the 17th Innovative Applications of Artificial Intelligence Conference ({IAAI 2005})}}
@String{ AAAI06 = {Proc.\ of the 21st Nat.\ Conf.\ on Artificial Intelligence ({AAAI 2006}) and the 18th Innovative Applications of Artificial Intelligence Conference ({IAAI 2006})}}
@String{ AAAI10 = {Proc.\ of the 24th {AAAI} Conf.\ on Artificial Intelligence ({AAAI 2010})}}
@String{ AAAI11 = {Proc.\ of the 25th {AAAI} Conf.\ on Artificial Intelligence ({AAAI 2011})}}
@String{ AIME07 = {Proc.\ of the 11th Conf.\ on Artificial Intelligence in Medicine ({AIME 2007})}}
@String{ AiML02 = {Proc.\ of the 4th Conf.\ on Advances in Modal Logic ({AiML 2002})}}
@String{ ATVA07 = {Proc.\ of the 5th Int.\ Symp.\ on Automated Technology for Verification and Analysis ({ATVA 2007})}}
@String{ CADE24 = {Proc.\ of the 24th Int.\ Conf.\ on Automated Deduction ({CADE-24})}}
@String{ CAV01 = {Proc.\ of the 13th Int.\ Conf.\ on Computer Aided Verification ({CAV 2001})}}
@String{ CAV05 = {Proc.\ of the 17th Int.\ Conf.\ on Computer Aided Verification ({CAV 2005})}}
@String{ CLP85 = {Proc.\ of the Conf.\ on Logics of Programs}}
@String{ CSL99 = {Proc.\ of the 13th Int.\ Workshop on Computer Science Logic ({CSL 1999}) and the 8th Annual Conf.\ of the {EACSL}}}
@String{ DL03 = {Proc.\ of the 16th Int.\ Workshop on Description Logics ({DL 2003})}}
@String{ DL08 = {Proc.\ of the 21st Int.\ Workshop on Description Logics ({DL 2008})}}
@String{ DL12 = {Proc.\ of the 25th Int.\ Workshop on Description Logics ({DL 2012})}}
@String{ DL13 = {Proc.\ of the 26th Int.\ Workshop on Description Logics ({DL 2013})}}
@String{ DPIJCAR04 = {Contributions to the Doctoral Programme of the 2nd Int.\ Joint Conf.\ on Automated Reasoning ({IJCAR 2004})}}
@String{ DS99 = {Proc.\ of the 8th Working Conf.\ on Database Semantics ({DS-8})}}
@String{ ECAI04 = {Proc.\ of the 16th European Conf.\ on Artificial Intelligence ({ECAI 2004})}}
@String{ ECAI10 = {Proc.\ of the 19th European Conf.\ on Artificial Intelligence ({ECAI 2010})}}
@String{ ECAI12 = {Proc.\ of the 20th European Conf.\ on Artificial Intelligence ({ECAI 2012})}}
@String{ EPIA93 = {Proc.\ of the 6th Portuguese Conf.\ on Artificial Intelligence ({EPIA 1993})}}
@String{ ESSLLI98 = {Proc.\ of the {ESSLLI 1998} Workshop on Reasoning about Actions: Foundations and Applications}}
@String{ ESWC05 = {Proc.\ of the 2nd European Semantic Web Conference ({ESWC 2005})}}
@String{ FM06 = {Proc.\ of the 14th Int.\ Symp.\ on Formal Methods ({FM 2006})}}
@String{ FOCS77 = {Proc.\ of the 18th Annual Symp.\ on Foundations of Computer Science ({FOCS 1977})}}
@String{ FOCS83 = {Proc.\ of the 24th Annual Symp.\ on Foundations of Computer Science ({FOCS 1983})}}
@String{ FroCoS98 = {Proc.\ of the 2nd Int.\ Workshop on Frontiers of Combining Systems ({FroCoS 1998})}}
@String{ FroCoS09 = {Proc.\ of the 7th Int.\ Symp.\ on Frontiers of Combining Systems ({FroCoS 2009})}}
@String{ FroCoS13 = {Proc.\ of the 9th Int.\ Symp.\ on Frontiers of Combining Systems ({FroCoS 2013})}}
@String{ FSTTCS06 = {Proc.\ of the 26th Int.\ Conf.\ on Foundations of Software Technology and Theoretical Computer Science ({FSTTCS 2006})}}
@String{ IJCAI91 = {Proc.\ of the 12th Int.\ Joint Conf.\ on Artificial Intelligence ({IJCAI 1991})}}
@String{ IJCAI95 = {Proc.\ of the 14th Int.\ Joint Conf.\ on Artificial Intelligence ({IJCAI 1995})}}
@String{ IJCAI01 = {Proc.\ of the 17th Int.\ Joint Conf.\ on Artificial Intelligence ({IJCAI 2001})}}
@String{ IJCAI03 = {Proc.\ of the 18th Int.\ Joint Conf.\ on Artificial Intelligence ({IJCAI 2003})}}
@String{ IJCAI05 = {Proc.\ of the 19th Int.\ Joint Conf.\ on Artificial Intelligence ({IJCAI 2005})}}
@String{ IJCAI09 = {Proc.\ of the 21st Int.\ Joint Conf.\ on Artificial Intelligence ({IJCAI 2009})}}
@String{ IJCAI11 = {Proc.\ of the 22nd Int.\ Joint Conf.\ on Artificial Intelligence ({IJCAI 2011})}}
@String{ IJCAI13 = {Proc.\ of the 23rd Int.\ Joint Conf.\ on Artificial Intelligence ({IJCAI 2013})}}
@String{ IJCAR08 = {Proc.\ of the 4th Int.\ Joint Conf.\ on Automated Reasoning ({IJCAR 2008})}}
@String{ IPDPS04 = {Proc.\ of the 18th Int.\ Parallel and Distributed Processing Symp.\ ({IPDPS 2004})}}
@String{ JELIA02 = {Proc.\ of the 8th European Conf.\ on Logics in Artificial Intelligence ({JELIA 2002})}}
@String{ JELIA06 = {Proc.\ of the 10th European Conf.\ on Logics in Artificial Intelligence ({JELIA 2006})}}
@String{ KR96 = {Proc.\ of the 5th Int.\ Conf.\ on Principles of Knowledge Representation and Reasoning ({KR 1996})}}
@String{ KR06 = {Proc.\ of the 10th Int.\ Conf.\ on Principles of Knowledge Representation and Reasoning ({KR 2006})}}
@String{ KR08 = {Proc.\ of the 11th Int.\ Conf.\ on Principles of Knowledge Representation and Reasoning ({KR 2008})}}
@String{ KR10 = {Proc.\ of the 12th Int.\ Conf.\ on Principles of Knowledge Representation and Reasoning ({KR 2010})}}
@String{ LICS02 = {Proc.\ of the 17th Annual IEEE Symp.\ on Logic in Computer Science ({LICS 2002})}}
@String{ LP81 = {Proc.\ of the Workshop on Logic of Programs ({LP 1981})}}
@String{ LPAR15 = {Proc.\ of the 15th Int.\ Conf.\ on Logic for Programming, Artificial Intelligence, and Reasoning ({LPAR-15})}}
@String{ LPAR17 = {Proc.\ of the 17th Int.\ Conf.\ on Logic for Programming, Artificial Intelligence, and Reasoning ({LPAR-17})}}
@String{ MBTRS04 = {Model-Based Testing of Reactive Systems, Advanced Lectures}}
@String{ MFCS03 = {Proc.\ of the 28th Int.\ Symp.\ on Mathematical Foundations of Computer Science ({MFCS 2003})}}
@String{ MoChArt10 = {Revised Selected and Invited Papers of the 6th Int.\ Workshop on Model Checking and Artifical Intelligence ({MoChArt 2010})}}
@String{ OWLEDDC08 = {Proc.\ of the 5th Workshop on {OWL}: Experiences and Directions ({OWLED 2008})}}
@String{ PODS98 = {Proc.\ of the 17th {ACM SIGACT-SIGMOD-SIGART} Symp.\ on Principles of Database Systems ({PODS 1998})}}
@String{ POPL80 = {Proc.\ of the 7th ACM Symp.\ on Principles of Programming Languages ({POPL 1980})}}
@String{ PSTV95 = {Proc.\ of the 15th {IFIP WG6.1} Int.\ Symp.\ on Protocol Specification, Testing and Verification {XV} ({PSTV 1995})}}
@String{ RR12 = {Proc.\ of the 6th Int.\ Conf.\ on Web Reasoning and Rule Systems ({RR 2012})}}
@String{ RV07 = {Revised Selected Papers of the 7th Int.\ Workshop on Runtime Verification ({RV 2007})}}
@String{ RV09 = {Selected Papers of the 9th Int.\ Workshop on Runtime Verification ({RV 2009})}}
@String{ RW09 = {Reasoning Web: Semantic Technologies for Information Systems, 5th Int.\ Summer School 2009}}
@String{ SCT84 = {Proc.\ of the 5th Symp.\ on Computation Theory ({SCT 1984})}}
@String{ STOC77 = {Proc.\ of the 9th Annual {ACM} Symp.\ on Theory of Computing ({STOC 1977})}}
@String{ STOC87 = {Proc.\ of the 19th Annual {ACM} Symp.\ on Theory of Computing ({STOC 1987})}}
@String{ SWCT63 = {Proc.\ of the 4th Annual Symp.\ on Switching Circuit Theory and Logical Design ({SWCT 1963})}}
@String{ TABLEAUX09 = {Proc.\ of the 18th Int.\ Conf.\ on Automated Reasoning with Analytic Tableaux and Related Methods ({TABLEAUX 2009})}}
@String{ TACAS01 = {Proc.\ of the 7th Int.\ Conf.\ on Tools and Algorithms for the Construction and Analysis of Systems ({TACAS 2001})}}
@String{ TIME07 = {Proc.\ of the 14th Int.\ Symp.\ on Temporal Representation and Reasoning ({TIME 2007})}}
@String{ TIME08 = {Proc.\ of the 15th Int.\ Symp.\ on Temporal Representation and Reasoning ({TIME 2008})}}
@String{ TLS87 = {Proc.\ of the 1987 Coll.\ on Temporal Logic in Specification}}


@String{ AI = {Acta Informatica}}
@String{ AIJ = {Artificial Intelligence}}
@String{ AMAI = {Annals of Mathematics and Artificial Intelligence}}
@String{ ASE = {Automated Software Engineering}}
@String{ BS = {Behavioral Science}}
@String{ CoRR = {Computing Research Repository}}
@String{ DKE = {Data \& Knowledge Engineering}}
@String{ FMSD = {Formal Methods in System Design}}
@String{ FSS = {Fuzzy Sets and Systems}}
@String{ HF = {Human Factors}}
@String{ IC = {Information and Computation}}
@String{ ICo = {Information and Control}}
@String{ IGPL = {Journal of the Interest Group in Pure and Applied Logic}}
@String{ IJAR = {International Journal of Approximate Reasoning}}
@String{ IJUF = {International Journal of Uncertainty, Fuzziness and Knowledge-Based Systems}}
@String{ IPL = {Information Processing Letters}}
@String{ IS = {Information Systems}}
@String{ JACM = {Journal of the ACM}}
@String{ JAIR = {Journal of Artificial Intelligence Research}}
@String{ JAL = {Journal of Applied Logic}}
@String{ JALC = {Journal of Automata, Languages and Combinatorics}}
@String{ JAR = {Journal of Automated Reasoning}}
@String{ JCSS = {Journal of Computer and System Sciences}}
@String{ JIIS = {Journal of Intelligent Information Systems}}
@String{ JLC = {Journal of Logic and Computation}}
@String{ JLLI = {Journal of Logic, Language and Information}}
@String{ JLP = {The Journal of Logic Programming}}
@String{ JoDS = {Journal on Data Semantics}}
@String{ JWS = {Journal of Web Semantics}}
@String{ LEACIS = {Linkoping Electronic Articles in Computer and Information Science}}
@String{ MA = {\foreignlanguage{ngerman}{Mathematische Annalen}}}
@String{ MD = {Mind Design}}
@String{ MI = {Machine Intelligence}}
@String{ RTS = {Real-Time Systems}}
@String{ SACS = {Scientific Annals of Computer Science}}
@String{ STTT = {International Journal on Software Tools for Technology Transfer}}
@String{ ToAMS = {Transactions of the AMS}}
@String{ ToCL = {ACM Transactions on Computational Logic}}
@String{ ToDS = {ACM Transactions on Database Systems}}
@String{ ToSEM = {ACM Transactions on Software Engineering and Methodology}}
@String{ TPLP = {Theory and Practice of Logic Programming}}
@String{ VS = {\foreignlanguage{norsk}{Videnskapsselskapets skrifter I, Matematisk-naturvidenskabelig klasse, Videnskabsakademiet i Kristiania}}}

@String{ ALS = {Applied Logic Series}}
@String{ LNAI = {Lecture Notes in Artificial Intelligence}}
@String{ LNCS = {Lecture Notes in Computer Science}}

@String{ CEURWS = {\url{CEUR-WS.org}}}
@String{ Springer = {Springer-Verlag}}

@String{ LAT = {Chair of Automata Theory, Institute of Theoretical Computer Science, Technische Universit{\"a}t Dresden}}
@String{ TRlink = {http://lat.inf.tu-dresden.de/research/reports.html}}


@Book{ AbHV-95,
    author      = {Serge Abiteboul and Richard Hull and Victor Vianu},
    title       = {Foundations of Databases},
    year        = 1995,
    publisher   = {Addison-Wesley},
}

@Article{ AlSc-IPL85,
    author      = {Bowen Alpern and Fred B. Schneider},
    title       = {Defining Liveness},
    journal     = IPL,
    year        = 1985,
    volume      = 21,
    number      = 4,
    pages       = {181--185},
}

@Article{ AlHe-IC93,
    author      = {Rajeev Alur and Thomas A. Henzinger},
    title       = {Real-Time Logics: {C}omplexity and Expressiveness},
    journal     = IC,
    year        = 1993,
    volume      = 104,
    number      = 1,
    pages       = {35--77},
}

@Article{ AlFH-JACM96,
    author      = {Rajeev Alur and Tom{\'a}s Feder and Thomas A. Henzinger},
    title       = {The Benefits of Relaxing Punctuality},
    journal     = JACM,
    year        = 1996,
    volume      = 43,
    number      = 1,
    pages       = {116--146},
}

@InProceedings{ ArBM-CSL99,
    author      = {Carlos Areces and Patrick Blackburn and Maarten Marx},
    title       = {A Road-Map on Complexity for Hybrid Logics},
    booktitle   = CSL99,
    year        = 1999,
    editor      = {J{\"o}rg Flum and Mario Rodr{\'i}guez-Artalejo},
    volume      = 1683,
    series      = LNCS,
    pages       = {307--321},
    venue       = {Madrid, Spain},
    month       = Sep,
    publisher   = Springer,
}

@Article{ ACK+-JAIR09,
    author      = {Alessandro Artale and Diego Calvanese and Roman Kontchakov and Michael Zakharyaschev},
    title       = {The {$\DLLite$} Family and Relations},
    journal     = JAIR,
    year        = 2009,
    volume      = 36,
    pages       = {1--69},
}

@Article{ ArFr-AMAI00,
    author      = {Alessandro Artale and Enrico Franconi},
    title       = {A survey of temporal extensions of description logics},
    journal     = AMAI,
    year        = 2000,
    volume      = 30,
    number      = {1--4},
    pages       = {171--210},
}

@InCollection{ ArFr-05,
    author      = {Alessandro Artale and Enrico Franconi},
    title       = {Temporal Description Logics},
    booktitle   = {Handbook of Temporal Reasoning in Artificial Intelligence},
    year        = 2005,
    editor      = {Michael Fischer and Dov M. Gabbay and Llu{\'i}s Vila},
    chapter     = 12,
    pages       = {375--388},
    publisher   = {Elsevier},
}

@InProceedings{ AFW+-JELIA02,
    author      = {Alessandro Artale and Enrico Franconi and Frank Wolter and Michael Zakharyaschev},
    title       = {A Temporal Description Logic for Reasoning over Conceptual Schemas and Queries},
    booktitle   = JELIA02,
    year        = 2002,
    editor      = {Sergio Felsca and Sergio Greco and Nicola Leone and Giovambattista Ianni},
    series      = LNCS,
    volume      = 2424,
    pages       = {98--110},
    venue       = {Cosenza, Italy},
    month       = Sep,
    publisher   = Springer,
}

@InProceedings{ AKL+-TIME07,
    author      = {Alessandro Artale and Roman Kontchakov and Carsten Lutz and Frank Wolter and Michael Zakharyaschev},
    title       = {Temporalising Tractable Description Logics},
    booktitle   = TIME07,
    year        = 2007,
    editor      = {Valentin Goranko and X. Sean Wang},
    pages       = {11--22},
    venue       = {Alicante, Spain},
    month       = Jun,
    publisher   = {IEEE Press},
}

@InProceedings{ AKR+-AAAI10,
    author      = {Alessandro Artale and Roman Kontchakov and Vladislav Ryzhikov and Michael Zakharyaschev},
    title       = {Past and Future of {$\DLLite$}},
    booktitle   = AAAI10,
    year        = 2010,
    editor      = {Maria Fox and David Poole},
    pages       = {243--248},
    venue       = {Atlanta, GA, USA\@},
    month       = Jul,
    publisher   = {AAAI Press},
}

@InProceedings{ AKW+-IJCAI13,
    author      = {Alessandro Artale and Roman Kontchakov and Frank Wolter and Michael Zakharyaschev},
    title       = {Temporal Description Logic for Ontology-Based Data Access},
    booktitle   = IJCAI13,
    year        = 2013,
    editor      = {Francesca Rossi},
    pages       = {711--717},
    venue       = {Beijing, China},
    month       = Aug,
    publisher   = {AAAI Press},
}

@InProceedings{ Baa-IJCAI03,
    author      = {Franz Baader},
    title       = {Terminological Cycles in a Description Logic with Existential Restrictions},
    booktitle   = IJCAI03,
    year        = 2003,
    editor      = {Georg Gottlob and Toby Walsh},
    pages       = {325--330},
    venue       = {Acapulco, Mexico},
    month       = Aug,
    publisher   = {Morgan Kaufmann, Los Altos},
}

@InProceedings{ BBB+-TABLEAUX09,
   author       = {Franz Baader and Andreas Bauer and Peter Baumgartner and Anne Cregan and Alfredo Gabaldon and Krystian Ji and Kevin Lee and David Rajaratnam and Rolf Schwitter},
   title        = {A Novel Architecture for Situation Awareness Systems},
   booktitle    = TABLEAUX09,
   year         = 2009,
   editor       = {Martin Giese and Arild Waaler},
   volume       = 5607,
   series       = LNCS,
   pages        = {77--92},
   venue        = {Oslo, Norway},
   month        = Jul,
   publisher    = Springer,
}

@InProceedings{ BaBL-CADE13,
    author      = {Franz Baader and Stefan Borgwardt and Marcel Lippmann},
    title       = {Temporalizing Ontology-Based Data Access},
    booktitle   = CADE24,
    year        = 2013,
    editor      = {Maria Paola Bonacina},
    volume      = 7898,
    series      = LNAI,
    pages       = {330--344},
    venue       = {Lake Placid, NY, USA\@},
    month       = Jun,
    publisher   = Springer,
}

@InProceedings{ BaBL-FroCoS09,
    author      = {Franz Baader and Andreas Bauer and Marcel Lippmann},
    title       = {Runtime Verification Using a Temporal Description Logic},
    booktitle   = FroCoS09,
    year        = 2009,
    editor      = {Silvio Ghilardi and Roberto Sebastiani},
    volume      = 5749,
    series      = LNCS,
    pages       = {149--164},
    venue       = {Trento, Italy},
    month       = Sep,
    publisher   = Springer,
}

@TechReport{ BaBL-LTCS-13-01,
    author      = {Franz Baader and Stefan Borgwardt and Marcel Lippmann},
    title       = {On the Complexity of Temporal Query Answering},
    institution = LAT,
    year        = 2013,
    type        = {LTCS-Report},
    number      = {13-01},
    month       = Mar,
    venue       = {Dresden, Germany},
    url         = TRlink,
}

@InProceedings{ BaBL-IJCAI05,
    author      = {Franz Baader and Sebastian Brandt and Carsten Lutz},
    title       = {Pushing the {$\EL$} Envelope},
    booktitle   = IJCAI05,
    year        = 2005,
    editor      = {Leslie Pack Kaelbling and Alessandro Saffiotti},
    pages       = {364--369},
    venue       = {Edinburgh, Scotland, UK\@},
    month       = Aug,
    publisher   = {Morgan Kaufmann, Los Altos},
}

@InProceedings{ BaBL-OWLEDDC08,
    author      = {Franz Baader and Sebastian Brandt and Carsten Lutz},
    title       = {Pushing the {$\EL$} Envelope Further},
    booktitle   = OWLEDDC08,
    year        = 2008,
    editor      = {Kendall Clark and Peter F. Patel-Schneider},
    series      = {CEUR Workshop Proceedings},
    volume      = 496,
    venue       = {Washington, DC, USA\@},
    month       = Apr,
    publisher   = CEURWS,
}

@InProceedings{ BaGL-KR08,
    author      = {Franz Baader and Silvio Ghilardi and Carsten Lutz},
    title       = {{LTL} Over Description Logic Axioms},
    booktitle   = KR08,
    year        = 2008,
    editor      = {Gerhard Brewka and J{\'e}r{\^o}me Lang},
    pages       = {684--694},
    venue       = {Sydney, Australia},
    month       = Sep,
    publisher   = {AAAI Press},
}

@Article{ BaGL-ToCL12,
    author      = {Franz Baader and Silvio Ghilardi and Carsten Lutz},
    title       = {{LTL} Over Description Logic Axioms},
    journal     = ToCL,
    year        = 2012,
    volume      = 13,
    number      = 3,
    note        = {This is an extended version of~\cite{BaGL-KR08}},
}

@InProceedings{ BaHa-IJCAI91,
    author      = {Franz Baader and Philipp Hanschke},
    title       = {A Scheme for Integrating Concrete Domains into Concept Languages},
    booktitle   = IJCAI91,
    year        = 1991,
    editor      = {John Mylopoulos and Raymond Reiter},
    venue       = {Sydney, Australia},
    month       = Aug,
    publisher   = {Morgan Kaufmann},
    pages       = {452--457},
}

@TechReport{ BaLi-LTCS-14-01,
    author      = {Franz Baader and Marcel Lippmann},
    title       = {Runtime Verification Using a Temporal Description Logic Revisited},
    institution = LAT,
    year        = 2014,
    type        = {LTCS-Report},
    number      = {14-01},
    month       = Mar,
    venue       = {Dresden, Germany},
    url         = TRlink,
}

@InProceedings{ BaLL-LPAR10,
    author      = {Franz Baader and Marcel Lippmann and Hongkai Liu},
    title       = {Using Causal Relationships to Deal with the Ramification Problem in Action Formalisms Based on Description Logics},
    booktitle   = LPAR17,
    year        = 2010,
    editor      = {Christian G. Ferm{\"u}ller and Andrei Voronkov},
    volume      = 6397,
    series      = LNCS,
    pages       = {82--96},
    venue       = {Yogyakarta, Indonesia},
    month       = Oct,
    publisher   = Springer,
}

@TechReport{ BaLL-LTCS-10-01,
    author      = {Franz Baader and Marcel Lippmann and Hongkai Liu},
    title       = {Adding Causal Relationships to {DL}-based Action Formalisms},
    institution = LAT,
    year        = 2010,
    type        = {LTCS-Report},
    number      = {10-01},
    month       = Feb,
    venue       = {Dresden, Germany},
    url         = TRlink,
}

@InProceedings{ BaLM-ECAI10,
    author      = {Franz Baader and Hongkai Liu and Anees ul Mehdi},
    title       = {Verifying Properties of Infinite Sequences of Description Logic Actions},
    booktitle   = ECAI10,
    year        = 2010,
    editor      = {Helder Coelho and Rudi Studer and Michael Wooldridge},
    series      = {Frontiers in Artificial Intelligence and Applications},
    volume      = 215,
    pages       = {53--58},
    venue       = {Lisbon, Portugal},
    month       = Aug,
    publisher   = {IOS Press},
}

@TechReport{ BaLM-LTCS-09-03,
    author      = {Franz Baader and Hongkai Liu and Anees ul Mehdi},
    title       = {Integrate Action Formalisms into Linear Temporal Description Logics},
    institution = LAT,
    year        = 2009,
    type        = {LTCS-Report},
    number      = {09-03},
    venue       = {Dresden, Germany},
    url         = TRlink,
}

@Article{ Bau-CoRR10,
    author      = {Andreas Bauer},
    title       = {Monitorability of {$\omega$}-regular languages},
    journal     = CoRR,
    year        = 2010,
    volume      = {abs/1006.3638},
    url         = {http://arxiv.org/abs/1006.3638},
}

@Article{ BaLS-JLC10,
    author      = {Andreas Bauer and Martin Leucker and Christian Schallhart},
    title       = {Comparing {LTL} Semantics for Runtime Verification},
    journal     = JLC,
    year        = 2010,
    volume      = 20,
    number      = 3,
    pages       = {651--674},
}

@InProceedings{ BaLS-FSTTCS06,
    author      = {Andreas Bauer and Martin Leucker and Christian Schallhart},
    title       = {Monitoring of Real-Time Properties},
    booktitle   = FSTTCS06,
    year        = 2006,
    editor      = {S. Arun-Kumar and Naveen Garg},
    series      = LNCS,
    volume      = 4337,
    pages       = {260--272},
    venue       = {Kolkata, India},
    month       = Dec,
    publisher   = Springer,
}

@Article{ BaLS-ToSEM11,
    author      = {Andreas Bauer and Martin Leucker and Christian Schallhart},
    title       = {Runtime Verification for {LTL} and {TLTL}},
    journal     = ToSEM,
    year        = 2011,
    volume      = 20,
    number      = 4,
    pages       = {14:1--14:64},
    note        = {This is an extended version of~\cite{BaLS-FSTTCS06}},
}

@InProceedings{ BaZa-FroCoS13,
    author      = {Franz Baader and Benjamin Zarrie{\ss}},
    title       = {Verification of Golog Programs over Description Logic Actions},
    booktitle   = FroCoS13,
    year        = 2013,
    editor      = {Pascal Fontaine and Christophe Ringeissen and Renate A. Schmidt},
    series      = LNCS,
    volume      = 8152,
    pages       = {181--196},
    venue       = {Nancy, France},
    month       = Sep,
    publisher   = Springer,
}

@InProceedings{ BLM+-AAAI05,
    author      = {Franz Baader and Carsten Lutz and Maja Mili{\v{c}}i{\'c} and Ulrike Sattler and Frank Wolter},
    title       = {Integrating Description Logics and Action Formalisms: {F}irst Results},
    booktitle   = AAAI05,
    year        = 2005,
    editor      = {Manuela M. Veloso and Subbarao Kambhampati},
    pages       = {572--577},
    venue       = {Pittsburgh, PA, USA\@},
    month       = Jul,
    publisher   = {AAAI Press/The MIT Press},
}

@TechReport{ BLM+-LTCS-05-02,
    author      = {Franz Baader and Carsten Lutz and Maja Mili{\v{c}}i{\'{c}} and Ulrike Sattler and Frank Wolter},
    title       = {Integrating Description Logics and Action Formalisms for Reasoning about Web Services},
    institution = LAT,
    year        = 2005,
    type        = {LTCS-Report},
    number      = {05-02},
    venue       = {Dresden, Germany},
    url         = TRlink,
}

@Article{ BaSa-IS03,
    author      = {Franz Baader and Ulrike Sattler},
    title       = {Description Logics with Aggregates and Concrete Domains},
    journal     = IS,
    year        = 2003,
    volume      = 28,
    number      = 8,
    pages       = {979--1004},
}

@Book{ BaKa-08,
    author      = {Christel Baier and Joost-Pieter Katoen},
    title       = {Principles of Model Checking},
    year        = 2008,
    address     = {Cambridge, MA, USA\@},
    publisher   = {The MIT Press},
}

@InProceedings{ BGH+-IPDPS04,
    author      = {Howard Barringer and Allen Goldberg and Klaus Havelund and Koushik Sen},
    title       = {Program Monitoring with {LTL} in {EAGLE}},
    booktitle   = IPDPS04,
    year        = 2004,
    venue       = {Santa Fe, NM, USA\@},
    month       = Apr,
    publisher   = {IEEE Computer Society},
}

@InProceedings{ BaRH-RV07,
    author      = {Howard Barringer and David E. Rydeheard and Klaus Havelund},
    title       = {Rule Systems for Run-Time Monitoring: {F}rom {EAGLE} to {RULER}},
    booktitle   = RV07,
    year        = 2007,
    editor      = {Oleg Sokolsky and Serdar Tasiran},
    series      = LNCS,
    volume      = 4839,
    pages       = {111--125},
    venue       = {Vancouver, Canada},
    month       = Mar,
    publisher   = Springer,
}

@Article{ BHW+-JLC04,
    author      = {Sebastian Bauer and Ian M. Hodkinson and Frank Wolter and Michael Zakharyaschev},
    title       = {On Non-local Propositional and Weak Monodic Quantified {CTL}},
    journal     = JLC,
    year        = 2004,
    volume      = 14,
    number      = 1,
    pages       = {3--22},
}

@InProceedings{ BeDT-ESSLLI98,
    author      = {Kristof van Belleghem and Marc Denecker and Daniele Theseider-Dupr{\'e}},
    title       = {A Constructive Approach to the Ramification Problem},
    booktitle   = ESSLLI98,
    year        = 1998,
    editor      = {Guiseppe {De Giacomo} and Daniele Nardi},
    venue       = {Saarbr{\"u}cken, Germany},
    pages       = {1--17},
}

@Article{ BDG+-IJUF12,
    author      = {Fernando Bobillo and Miguel Delgado and Juan G{\'o}mez-Romero and Umberto Straccia},
    title       = {Joining G{\"o}del and Zadeh Fuzzy Logics in Fuzzy Description Logics},
    journal     = IJUF,
    year        = 2012,
    volume      = 20,
    number      = 4,
    pages       = {475--508},
}

@article{ BoSt-FSS09,
    author      = {Fernando Bobillo and Umberto Straccia},
    title       = {Fuzzy description logics with general t-norms and datatypes},
    journal     = FSS,
    year        = 2009,
    volume      = 160,
    number      = 23,
    pages       = {3382--3402},
}

@InProceedings{ BoLT-DL13,
    author      = {Stefan Borgwardt and Marcel Lippmann and Veronika Thost},
    title       = {Temporal Query Answering in {$\DLLite$}},
    booktitle   = DL13,
    year        = 2013,
    editor      = {Thomas Eiter and Birte Glimm and Yevgeny Kazakov and Markus Kr{\"o}tzsch},
    volume      = 1014,
    series      = {CEUR Workshop Proceedings},
    venue       = {Ulm, Germany},
    month       = Jul,
    publisher   = CEURWS,
}

@InProceedings{ BoLT-FroCoS13,
    author      = {Stefan Borgwardt and Marcel Lippmann and Veronika Thost},
    title       = {Temporal Query Answering in the Description Logic {$\DLLite$}},
    booktitle   = FroCoS13,
    year        = 2013,
    editor      = {Pascal Fontaine and Christophe Ringeissen and Renate A. Schmidt},
    series      = LNCS,
    volume      = 8152,
    pages       = {165--180},
    venue       = {Nancy, France},
    month       = Sep,
    publisher   = Springer,
}

@TechReport{ BoLT-LTCS-13-05,
    author      = {Stefan Borgwardt and Marcel Lippmann and Veronika Thost},
    title       = {Temporal Query Answering w.r.t.\ {$\DLLite$}-Ontologies},
    institution = LAT,
    year        = 2013,
    type        = {LTCS-Report},
    number      = {13-05},
    month       = Apr,
    venue       = {Dresden, Germany},
    url         = TRlink,
}

@Article{ BoPe-IJAR14,
    author      = {Stefan Borgwardt and Rafael Pe{\~n}aloza},
    title       = {Consistency Reasoning in Lattice-Based Fuzzy Description Logics},
    journal     = IJAR,
    year        = 2014,
    note        = {In press},
}

@Article{ BoPe-JoDS13,
    author      = {Stefan Borgwardt and Rafael Pe{\~n}aloza},
    title       = {The Complexity of Lattice-Based Fuzzy Description Logics},
    journal     = JoDS,
    year        = 2013,
    volume      = 2,
    number      = 1,
    pages       = {1--19},
}

@InProceedings{ Bra-ECAI04,
    author      = {Sebastian Brandt},
    title       = {Polynomial Time Reasoning in a Description Logic with Existential Restrictions, GCI Axioms, and---What Else?},
    booktitle   = ECAI04,
    year        = 2004,
    editor      = {Ram{\'o}n {L{\'o}pez de M{\'a}ntaras} and Lorenza Saitta},
    pages       = {298--302},
    venue       = {Valencia, Spain},
    month       = Aug,
    publisher   = {IOS Press},
}

@InProceedings{ Bue-ICLMPS62,
    author      = {Julius Richard B{\"u}chi},
    title       = {On a Decision Method in Restricted Second Order Arithmetic},
    booktitle   = {International Congress on Logic, Methodology and Philosophy of Science},
    year        = 1962,
    pages       = {1--11},
    publisher   = {Stanford University Press},
}

@InProceedings{ CDL+-AAAI05,
    author      = {Diego Calvanese and Giuseppe {De Giacomo} and Domenico Lembo and Maurizio Lenzerini and Riccardo Rosati},
    title       = {{$\DLLite$}: {T}ractable Description Logics for Ontologies},
    booktitle   = AAAI05,
    year        = 2005,
    editor      = {Manuela M. Veloso and Subbarao Kambhampati},
    pages       = {602--607},
    venue       = {Pittsburgh, PA, USA\@},
    month       = Jul,
    publisher   = {AAAI Press/The MIT Press},
}

@InProceedings{ CDL+-KR06,
    author      = {Diego Calvanese and Giuseppe {De Giacomo} and Domenico Lembo and Maurizio Lenzerini and Riccardo Rosati},
    title       = {Data Complexity of Query Answering in Description Logics},
    booktitle   = KR06,
    year        = 2006,
    editor      = {Patrick Doherty and John Mylopoulos and Christopher A. Welty},
    pages       = {260--270},
    venue       = {Lake District, UK\@},
    month       = Jun,
    publisher   = {AAAI Press},
}

@InCollection{ CDL+-RW09,
    author      = {Diego Calvanese and Giuseppe {De Giacomo} and Domenico Lembo and Maurizio Lenzerini and Antonella Poggi and Mariano Rodriguez-Muro and Riccardo Rosati},
    title       = {Ontologies and Databases: {T}he {$\DLLite$} Approach},
    booktitle   = RW09,
    year        = 2009,
    editor      = {Sergio Tessaris and Enrico Franconi and Thomas Eiter and Claudio Gutierrez and Siegfried Handschuh and Marie-Christine Rousset and Renate A. Schmidt},
    series      = LNCS,
    volume      = 5689,
    pages       = {255--356},
    venue       = {Brixen-Bressanone, Italy},
    month       = Aug,
    publisher   = Springer,
}

@InProceedings{ CaDL-PODS98,
    author      = {Diego Calvanese and Giuseppe {De Giacomo} and Maurizio Lenzerini},
    title       = {On the Decidability of Query Containment under Constraints},
    booktitle   = PODS98,
    year        = 1998,
    editor      = {Alberto O. Mendelzon and Jan Paredaens},
    pages       = {149-–158},
    venue       = {Seattle, WA, USA\@},
    month       = Jun,
    publisher   = {ACM Press},
}

@InProceedings{ ChMe-STOC77,
    author      = {Ashok K. Chandra and Philip M. Merlin},
    title       = {Optimal Implementation of Conjunctive Queries in Relational Data Bases},
    booktitle   = STOC77,
    year        = 1977,
    editor      = {John E. Hopcroft and Emily P. Friedman and Michael A. Harrison},
    pages       = {77--90},
    venue       = {Boulder, CO, USA\@},
    month       = May,
    publisher   = {ACM Press},
}

@Article{ Chom-ToDS95,
    author      = {Jan Chomicki},
    title       = {Efficient Checking of Temporal Integrity Constraints Using Bounded History Encoding},
    journal     = ToDS,
    year        = 1995,
    volume      = 20,
    number      = 2,
    pages       = {148--186},
}

@InCollection{ ChTo-05,
    author      = {Jan Chomicki and David Toman},
    title       = {Temporal Databases},
    booktitle   = {Handbook of Temporal Reasoning in Artificial Intelligence},
    year        = 2005,
    editor      = {Michael Fischer and Dov M. Gabbay and Llu{\'i}s Vila},
    chapter     = 14,
    pages       = {429--467},
    publisher   = {Elsevier},
}

@InProceedings{ ClEm-LP81,
    author      = {Edmund M. Clarke and E. Allen Emerson},
    title       = {Design and Synthesis of Synchronization Skeletons Using Branching-Time Temporal Logic},
    booktitle   = LP81,
    year        = 1982,
    editor      = {Dexter Kozen},
    series      = LNCS,
    volume      = 131,
    pages       = {52--71},
    venue       = {Yorktown Heights, NY, USA\@},
    publisher   = Springer,
}

@Book{ ClGP-99,
    author      = {Edmund M. Clarke and Orna Grumberg and Doron A. Peled},
    title       = {Model Checking},
    year        = 1999,
    address     = {Cambridge, MA, USA\@},
    publisher   = {The MIT Press},
}

@InProceedings{ CoMa-MBTRS04,
    author      = {S{\'e}verine Colin and Leonardo Mariani},
    title       = {Run-Time Verification},
    booktitle   = MBTRS04,
    year        = 2004,
    editor      = {Manfred Broy and Bengt Jonsson and Joost-Pieter Katoen and Martin Leucker and Alexander Pretschner},
    series      = LNCS,
    volume      = 3472,
    pages       = {525--555},
    publisher   = Springer,
}

@InProceedings{ dARo-CAV05,
    author      = {Marcelo d'Amorim and Grigore Ro{\c{s}}u},
    title       = {Efficient Monitoring of {$\omega$}-Languages},
    booktitle   = CAV05,
    year        = 2005,
    editor      = {Kousha Etessami and Sriram K. Rajamani},
    volume      = 3576,
    series      = LNCS,
    venue       = {Edinburgh, Scotland, UK\@},
    pages       = {364--378},
    month       = Jul,
    publisher   = Springer,
}

@InProceedings{ Dan-SCT84,
    author      = {Ryszard Danecki},
    title       = {Nondeterministic Propositional Dynamic Logic with Intersection is Decidable},
    booktitle   = SCT84,
    year        = 1984,
    editor      = {Andrzej Skowron},
    volume      = 208,
    series      = LNCS,
    pages       = {34--53},
    venue       = {Zabor{\'o}w, Poland},
    month       = Dec,
    publisher   = Springer,
}

@InProceedings{ DEF+-DS99,
    author      = {Stefan Decker and Michael Erdmann and Dieter Fensel and Rudi Studer},
    title       = {Ontobroker: {O}ntology Based Access to Distributed and Semi-Structured Information},
    booktitle   = DS99,
    year        = 1999,
    editor      = {Robert Meersman and Zahir Tari and Scott M. Stevens},
    series      = {IFIP Conference Proceedings},
    volume      = 138,
    pages       = {351--369},
    venue       = {Rotorua, New Zealand},
    month       = Jan,
    publisher   = {Kluwer},
}

@Article{ DeTB-LEACIS98,
    author      = {Marc Denecker and Daniele Theseider-Dupr{\'e} and Kristof van Belleghem},
    title       = {An inductive definition approach to ramifications},
    journal     = LEACIS,
    year        = 1998,
    volume      = 3,
    number      = 7,
    pages       = {1--43},
    month       = Jan,
}

@Article{ DeMa-IC00,
    author      = {Giuseppe {De Giacomo} and Fabio Massacci},
    title       = {Combining Deduction and Model Checking into Tableaux and Algorithms for {Converse-PDL}},
    journal     = IC,
    year        = 2000,
    volume      = 162,
    number      = {1--2},
    pages       = {117--137},
}

@Article{ DLN+-JLC94,
    author      = {Francesco M. Donini and Maurizio Lenzerini and Daniele Nardi and Andrea Schaerf},
    title       = {Deduction in Concept Languages: {F}rom Subsumption to Instance Checking},
    journal     = JLC,
    year        = 1994,
    volume      = 4,
    number      = 4,
    pages       = {423--452},
}

@Book{ DLhandbook-07,
    editor      = {Franz Baader and Diego Calvanese and Deborah L. McGuinness and Daniele Nardi and Peter F. Patel-Schneider},
    title       = {The Description Logic Handbook: {T}heory, Implementation, and Applications},
    publisher   = {Cambridge University Press},
    year        = 2007,
    edition     = 2,
}

@InProceedings{ ELO+-IJCAI09,
    author      = {Thomas Eiter and Carsten Lutz and Magdalena Ortiz and Mantas {\v{S}}imkus},
    title       = {Query Answering in Description Logics with Transitive Roles},
    booktitle   = IJCAI09,
    year        = 2009,
    editor      = {Craig Boutilier},
    pages       = {759--764},
    venue       = {Pasadena, CA, USA\@},
    month       = Jul,
    publisher   = {AAAI Press},
}

@InCollection{ Eme-90,
    author      = {E. Allen Emerson},
    title       = {Temporal and Modal Logic},
    booktitle   = {Handbook of Theoretical Computer Science, Volume B: {F}ormal Models and Semantics},
    year        = 1990,
    editor      = {Jan van Leeuwen},
    pages       = {995--1072},
    publisher   = {Elsevier/The MIT Press},
}

@Article{ EmHa-JACM86,
    author      = {E. Allen Emerson and Joseph Y. Halpern},
    title       = {\enquote{Sometimes} and \enquote{Not Never} Revisited: {O}n Branching versus Linear Time Temporal Logic},
    journal     = JACM,
    year        = 1986,
    volume      = 33,
    number      = 1,
    pages       = {151--178},
}

@Article{ End-HF95,
    author      = {Mica R. Endsley},
    title       = {Toward a Theory of Situation Awareness in Dynamic Systems},
    journal     = HF,
    year        = 1995,
    volume      = 37,
    number      = 1,
    pages       = {32--64},
}

@InProceedings{ FaFM-RV09,
    author      = {Yli{\`e}s Falcone and Jean-Claude Fernandez and Laurent Mounier},
    title       = {Runtime Verification of Safety-Progress Properties},
    booktitle   = RV09,
    year        = 2009,
    editor      = {Saddek Bensalem and Doron A. Peled},
    series      = LNCS,
    volume      = 5779,
    pages       = {40--59},
    venue       = {Grenoble, France},
    month       = Jun,
    publisher   = Springer,
}

@InProceedings{ FrTo-DL03,
    author      = {Enrico Franconi and David Toman},
    title       = {Fixpoint Extensions of Temporal Description Logics},
    booktitle   = DL03,
    year        = 2003,
    editor      = {Diego Calvanese and Giuseppe {De Giacomo} and Enrico Franconi},
    volume      = 81,
    series      = {CEUR Workshop Proceedings},
    venue       = {Rome, Italy},
    month       = Sep,
    publisher   = CEURWS,

}

@InProceedings{ FrTo-IJCAI11,
    author      = {Enrico Franconi and David Toman},
    title       = {Fixpoints in Temporal Description Logics},
    booktitle   = IJCAI11,
    year        = 2011,
    editor      = {Toby Walsh},
    pages       = {875--880},
    venue       = {Barcelona, Spain},
    month       = Jul,
    publisher   = {AAAI Press},
}

@InProceedings{ Gab-TLS87,
    author      = {Dov M. Gabbay},
    title       = {The Declarative Past and Imperative Future: {E}xecutable Temporal Logic for Interactive Systems},
    booktitle   = TLS87,
    year        = 1989,
    editor      = {Behnam Banieqbal and Howard Barringer and Amir Pnueli},
    series      = LNCS,
    volume      = 398,
    pages       = {409--448},
    publisher   = Springer,
}

@Book{ GaHR-94,
    author      = {Dov M. Gabbay and Ian M. Hodkinson and Mark Reynolds},
    title       = {Temporal Logic: {M}athematical Foundations and Computational Aspects},
    year        = 1994,
    volume      = 1,
    publisher   = {Clarendon Press, Oxford},
}

@Book{ GKW+-03,
    author      = {Dov M. Gabbay and {\'A}gnes Kurucz and Frank Wolter and Michael Zakharyaschev},
    title       = {Many-Dimensional Modal Logics: {T}heory and Applications},
    year        = 2003,
    publisher   = {Elsevier Science},
}

@InProceedings{ GPS+-POPL80,
    author      = {Dov M. Gabbay and Amir Pnueli and Saharon Shelah and Jonathan Stavi},
    title       = {On the Temporal Analysis of Fairness},
    booktitle   = POPL80,
    year        = 1980,
    pages       = {163--173},
    publisher   = {ACM Press},
}

@InProceedings{ GaOd-CAV01,
    author      = {Paul Gastin and Denis Oddoux},
    title       = {Fast {LTL} to {B}{\"u}chi Automata Translation},
    booktitle   = CAV01,
    year        = 2001,
    editor      = {G{\'e}rard Berry and Hubert Comon and Alain Finkel},
    volume      = 2102,
    series      = LNCS,
    venue       = {Paris, France},
    pages       = {53--65},
    publisher   = Springer,
}

@InProceedings{ GaOd-MFCS03,
    author      = {Paul Gastin and Denis Oddoux},
    title       = {{LTL} with Past and Two-Way Very-Weak Alternating Automata},
    booktitle   = MFCS03,
    year        = 2003,
    editor      = {Branislav Rovan and Peter Vojt{\'a}s},
    volume      = 2747,
    series      = LNCS,
    venue       = {Bratislava, Slovakia},
    pages       = {439--448},
    publisher   = Springer,
}

@InProceedings{ GPV+-PSTV96,
    author      = {Rob Gerth and Doron A. Peled and Moshe Y. Vardi and Pierre Wolper},
    title       = {Simple On-the-fly Automatic Verification of Linear Temporal Logic},
    booktitle   = PSTV95,
    year        = 1996,
    editor      = {Piotr Dembinski and Marek Sredniawa},
    volume      = 38,
    series      = {IFIP Conference Proceedings},
    pages       = {3--18},
    publisher   = {Chapman {\&} Hall, Ltd.},
    venue       = {Warsaw, Poland},
}

@PhDThesis{ Gli-PhD07,
    author      = {Birte Glimm},
    title       = {Querying Description Logic Knowledge Bases},
    school      = {The University of Manchester},
    year        = 2007,
    address     = {Manchester, UK},
}

@Article{ GHL+-JAIR08,
    author      = {Birte Glimm and Ian Horrocks and Carsten Lutz and Ulrike Sattler},
    title       = {Conjunctive Query Answering for the Description Logic \SHIQ{}},
    journal     = JAIR,
    year        = 2008,
    volume      = 31,
    pages       = {157--204},
}

@InProceedings{ GlKa-LPAR08,
    author      = {Birte Glimm and Yevgeny Kazakov},
    title       = {Role Conjunctions in Expressive Description Logics},
    booktitle   = LPAR15,
    year        = 2008,
    editor      = {Iliano Cervesato and Helmut Veith and Andrei Voronkov},
    series      = LNCS,
    volume      = 5330,
    pages       = {391--405},
    venue       = {Doha, Qatar},
    month       = Nov,
    publisher   = Springer,
}

@InProceedings{ GlHS-KR08,
    author      = {Birte Glimm and Ian Horrocks and Ulrike Sattler},
    title       = {Unions of Conjunctive Queries in SHOQ},
    booktitle   = KR08,
    year        = 2008,
    editor      = {Gerhard Brewka and J{\'e}r{\^o}me Lang},
    pages       = {252--262},
    venue       = {Sydney, Australia},
    month       = Sep,
    publisher   = {AAAI Press},
}

@Article{ GuSo-AMAI10,
    author      = {Yilan Gu and Mikhail Soutchanski},
    title       = {A Description Logic Based Situation Calculus},
    journal     = AMAI,
    year        = 2010,
    volume      = 58,
    number      = {1-2},
    pages       = {3--83},
}

@InProceedings{ GuHV-ESWC05,
    author      = {Claudio Guti{\'e}rrez and Carlos A. Hurtado and Alejandro A. Vaisman},
    title       = {Temporal {RDF}},
    booktitle   = ESWC05,
    year        = 2005,
    editor      = {Asunci{\'o}n G{\'o}mez-P{\'e}rez and J{\'e}r{\^o}me Euzenat},
    series      = LNCS,
    volume      = 3532,
    pages       = {93--107},
    publisher   = Springer,
}

@InProceedings{ GuJL-ECAI12,
    author      = {V{\'i}ctor {Guti{\'e}rrez-Basulto} and Jean Christoph Jung and Carsten Lutz},
    title       = {Complexity of Branching Temporal Description Logics},
    booktitle   = ECAI12,
    year        = 2012,
    editor      = {Luc {De Raedt} and Christian Bessi{\'e}re and Didier Dubois and Patrick Doherty and Paolo Frasconi and Fredrik Heintz and Peter J.  F. Lucas},
    series      = {Frontiers in Artificial Intelligence and Applications},
    volume      = 242,
    pages       = {390--395},
    venue       = {Montpellier, France},
    month       = Aug,
    publisher   = {IOS Press},
}

@InProceedings{ GuKl-RR12,
    author      = {V{\'i}ctor {Guti{\'e}rrez-Basulto} and Szymon Klarman},
    title       = {Towards a Unifying Approach to Representing and Querying Temporal Data in Description Logics},
    booktitle   = RR12,
    year        = 2012,
    editor      = {Markus Kr{\"o}tzsch and Umberto Straccia},
    series      = LNCS,
    volume      = 7497,
    pages       = {90--105},
    venue       = {Vienna, Austria},
    month       = Sep,
    publisher   = Springer,
}

@Article{ HaRo-STTT04,
    author      = {Klaus Havelund and Grigore Ro{\c{s}}u},
    title       = {Efficient Monitoring of Safety Properties},
    journal     = STTT,
    year        = 2004,
    volume      = 6,
    number      = 2,
    pages       = {158--173},
}

@InProceedings{ Her-KR96,
    author      = {Andreas Herzig},
    title       = {The {PMA} Revisited},
    booktitle   = KR96,
    year        = 1996,
    pages       = {40--50},
}

@InProceedings{ Hem-STOC87,
    author      = {Lane Adrian Hemachandra},
    title       = {The Strong Exponential Hierarchy Collapses},
    booktitle   = STOC87,
    year        = 1987,
    pages       = {110--122},
    venue       = {New York City, NY, USA\@},
    month       = May,
    publisher   = {ACM Press},
}

@InProceedings{ Hla-DPIJCAR04,
    author      = {Jan Hladik},
    title       = {A Tableau System for the Description Logic {$\SHIO$}},
    booktitle   = DPIJCAR04,
    year        = 2004,
    editor      = {Ulrike Sattler},
    volume      = 106,
    venue       = {Cork, Ireland},
    publisher   = CEURWS,
    month       = Jul,
}

@InProceedings{ HoWZ-LICS02,
    author      = {Ian M. Hodkinson and Frank Wolter and Michael Zakharyaschev},
    title       = {Decidable and Undecidable Fragments of First-Order Branching Temporal Logics},
    booktitle   = LICS02,
    year        = 2002,
    pages       = {393--402},
    venue       = {Copenhagen, Denmark},
    month       = Jul,
    publisher   = {IEEE Computer Society},
}

@InProceedings{ HoKS-KR06,
    author      = {Ian Horrocks and Oliver Kurz and Ulrike Sattler},
    title       = {The Even More Irresistible {$\SROIQ$}},
    booktitle   = KR06,
    year        = 2006,
    editor      = {Patrick Doherty and John Mylopoulos and Christopher A. Welty},
    pages       = {57--67},
    venue       = {Lake District, UK\@},
    month       = Jun,
    publisher   = {AAAI Press},
}

@Article{ HoPH-JWS03,
    author      = {Ian Horrocks and Peter F. Patel-Schneider and Frank van Harmelen},
    title       = {From {SHIQ} and {RDF} to {OWL}: {T}he Making of a Web Ontology Language},
    journal     = JWS,
    year        = 2003,
    volume      = 1,
    number      = 1,
    pages       = {7--26},
}

@InProceedings{ HoSa-IJCAI01,
    author      = {Ian Horrocks and Ulrike Sattler},
    title       = {Ontology Reasoning in the {$\SHOQ(D)$} Description Logic},
    booktitle   = IJCAI01,
    year        = 2001,
    pages       = {199--204},
    editor      = {Bernhard Nebel},
    venue       = {Seattle, WA, USA\@},
    month       = Aug,
    publisher   = {Morgan Kaufmann, Los Altos},
}

@Article{ HoST-IGPL00,
    author      = {Ian Horrocks and Ulrike Sattler and Stephan Tobies},
    title       = {Practical Reasoning for Very Expressive Description Logics},
    journal     = IGPL,
    year        = 2000,
    volume      = 8,
    number      = 3,
    pages       = {239--263},
}

@Article{ Koy-RTS90,
    author      = {Ron Koymans},
    title       = {Specifying Real-Time Properties with Metric Temporal Logic},
    journal     = RTS,
    year        = 1990,
    volume      = 2,
    number      = 4,
    pages       = {255--299},
}

@InProceedings{ KuRo-MoChArt10,
    author      = {Orna Kupferman and Adin Rosenberg},
    title       = {The Blowup in Translating {LTL} to Deterministic Automata},
    booktitle   = MoChArt10,
    year        = 2010,
    editor      = {Ron {van der Meyden} and Jan-Geory Smaus},
    series      = LNCS,
    volume      = 6572,
    pages       = {85--94},
    venue       = {Atlanta, GA, USA\@},
    month       = Jul,
    publisher   = Springer,
}

@Article{ KuVa-FMSD01,
    author      = {Orna Kupferman and Moshe Y. Vardi},
    title       = {Model Checking of Safety Properties},
    journal     = FMSD,
    year        = 2001,
    volume      = 19,
    number      = 3,
    pages       = {291--314},
}

@InProceedings{ LaMS-LICS02,
    author      = {Fran{\c{c}}ois Laroussinie and Nicolas Markey and Philippe Schnoebelen},
    title       = {Temporal Logic With Forgettable Past},
    booktitle   = LICS02,
    year        = 2002,
    pages       = {383--392},
    venue       = {Copenhagen, Denmark},
    month       = Jul,
    publisher   = {IEEE Computer Society},
}

@Article{ LRL+-JLP97,
    author      = {Hector J. Levesque and Raymond Reiter and Yves Lesp{\'e}rance and Fangzhen Lin and Richard B. Scherl},
    title       = {{GOLOG}: {A} logic programming language for dynamic domains},
    journal     = JLP,
    year        = 1997,
    volume      = 31,
    number      = {1--3},
    pages       = {59--83},
}

@InProceedings{ Lin-IJCAI95,
    author      = {Fangzhen Lin},
    title       = {Embracing Causality in Specifying the Indirect Effects of Actions},
    booktitle   = IJCAI95,
    year        = 1995,
    pages       = {1985--1993},
}

@MastersThesis{ Lip-Dipl09,
    author      = {Marcel Lippmann},
    title       = {Runtime Verification Using Temporal Description Logics},
    school      = {Technische Universit{\"a}t Dresden},
    year        = 2009,
    type        = {Diploma Thesis},
    address     = {Dresden, Germany},
    month       = Apr,
}

@InProceedings{ LiLa-IJCAI09,
    author      = {Yongmei Liu and Gerhard Lakemeyer},
    title       = {On First-Order Definability and Computability of Progression for Local-Effect Actions and Beyond},
    booktitle   = IJCAI09,
    year        = 2009,
    pages       = {860--866},
    editor      = {Craig Boutilier},
    venue       = {Pasadena, CA, USA\@},
    month       = Jul,
    publisher   = {AAAI Press},
}

@InProceedings{ LiLe-AAAI05,
    author      = {Yongmei Liu and Hector J. Levesque},
    title       = {Tractable Reasoning in First-Order Knowledge Bases with Disjunctive Information},
    booktitle   = AAAI05,
    year        = 2005,
    editor      = {Manuela M. Veloso and Subbarao Kambhampati},
    pages       = {639--644},
    venue       = {Pittsburgh, PA, USA\@},
    month       = Jul,
    publisher   = {AAAI Press/The MIT Press},
}

@InProceedings{ LiPZ-CLP85,
    author      = {Orna Lichtenstein and Amir Pnueli and Lenore D. Zuck},
    title       = {The Glory of the Past},
    booktitle   = CLP85,
    year        = 1985,
    editor      = {Rohit Parikh},
    pages       = {196--218},
    series      = LNCS,
    volume      = 193,
    publisher   = Springer,
}

@InProceedings{ LiSo-AAAI11,
    author      = {Fangzhen Lin and Mikhail Soutchanski},
    title       = {Causal Theories of Actions Revisited},
    booktitle   = AAAI11,
    year        = 2011,
    editor      = {Wolfram Burgard and Dan Roth},
    pages       = {235--240},
    venue       = {San Francisco, CA, USA\@},
    month       = Aug,
    publisher   = {AAAI Press},
}

@Article{ LLM+-AIJ11,
    author      = {Hongkai Liu and Carsten Lutz and Maja Mili{\v{c}}i{\'c} and Frank Wolter},
    title       = {Foundations of Instance Level Updates in Expressive Description Logics},
    journal     = AIJ,
    year        = 2011,
    volume      = 175,
    number      = 18,
    pages       = {2170--2197},
}

@InProceedings{ LLM+-JELIA06,
    author      = {Hongkai Liu and Carsten Lutz and Maja Mili{\v{c}}i{\'c} and Frank Wolter},
    title       = {Reasoning about Actions using Description Logics  with General {TBoxes}},
    booktitle   = JELIA06,
    year        = 2006,
    editor      = {Michael Fisher and Wiebe van der Hoek and Boris Konev and Alexei Lisitsa},
    volume      = 4160,
    series      = LNAI,
    pages       = {266--279},
    publisher   = Springer,
}

@Article{ Loe-MA15,
    author      = {Leopold L{\"o}wenheim},
    title       = {\foreignlanguage{ngerman}{{\"U}ber M{\"o}glichkeiten im Relativkalk{\"u}l}},
    journal     = MA,
    year        = 1915,
    volume      = 76,
    number      = 4,
    pages       = {447--470},
    publisher   = Springer,
    language    = {In German},
}

@Article{ Luk-AIJ08,
    author      = {Thomas Lukasiewicz},
    title       = {Expressive probabilistic description logics},
    journal     = AIJ,
    year        = 2008,
    volume      = 172,
    number      = {6-7},
    pages       = {852--883},
}

@InProceedings{ Lut-AiML02,
    author      = {Carsten Lutz},
    title       = {Description Logics with Concrete Domains---A Survey},
    booktitle   = AiML02,
    year        = 2002,
    editor      = {Philippe Balbiani and Nobu-Yuki Suzuki and Frank Wolter and Michael Zakharyaschev},
    venue       = {Toulouse, France},
    month       = Oct,
    publisher   = {King's College Publications},
    pages       = {265--296},
}

@InProceedings{ Lut-DL08,
    author      = {Carsten Lutz},
    title       = {Two Upper Bounds for Conjunctive Query Answering in \SHIQ{}},
    booktitle   = DL08,
    year        = 2008,
    editor      = {Franz Baader and Carsten Lutz and Boris Motik},
    volume      = 353,
    series      = {CEUR Workshop Proceedings},
    venue       = {Dresden, Germany},
    month       = May,
    publisher   = CEURWS,
}

@InProceedings{ Lut-IJCAI01,
    author      = {Carsten Lutz},
    title       = {Interval-based Temporal Reasoning with General {TBoxes}},
    booktitle   = IJCAI01,
    year        = 2001,
    editor      = {Bernhard Nebel},
    pages       = {89--94},
    venue       = {Seattle, WA, USA\@},
    month       = Aug,
    publisher   = {Morgan Kaufmann, Los Altos},
}

@InProceedings{ Lut-IJCAR08,
    author      = {Carsten Lutz},
    title       = {The Complexity of Conjunctive Query Answering in Expressive Description Logics},
    booktitle   = IJCAR08,
    year        = 2008,
    editor      = {Alessandro Armando and Peter Baumgartner and Gilles Dowek},
    series      = LNCS,
    volume      = 5195,
    pages       = {179--193},
    venue       = {Sydney, Australia},
    month       = Aug,
    publisher   = Springer,
}

@InProceedings{ LuSc-KR10,
    author      = {Carsten Lutz and Lutz Schr{\"o}der},
    title       = {Probabilistic Description Logics for Subjective Uncertainty},
    booktitle   = KR10,
    year        = 2010,
    editor      = {Fangzhen Lin and Ulrike Sattler and Miroslaw Truszczynski},
    pages       = {393--403},
    venue       = {Toronto, Canada},
    month       = May,
    publisher   = {AAAI Press},
}

@Article{ Lut-ToCL04,
    author      = {Carsten Lutz},
    title       = {{NExpTime}-complete Description Logics with Concrete Domains},
    journal     = ToCL,
    year        = 2004,
    volume      = 5,
    number      = 4,
    pages       = {669--705},
}

@Article{ LAHS-JAIR05,
    author      = {Carsten Lutz and Carlos Areces and Ian Horrocks and Ulrike Sattler},
    title       = {Keys, Nominals, and Concrete Domains},
    journal     = JAIR,
    year        = 2005,
    volume      = 23,
    pages       = {667--726},
}

@Article{ LuMi-JAR07,
    author      = {Carsten Lutz and Maja Mili{\v{c}}i{\'c}},
    title       = {A Tableau Algorithm for {DL}s with Concrete Domains and {GCI}s},
    journal     = JAR,
    year        = 2007,
    volume      = 38,
    number      = {1-3},
    pages       = {227--259},
}

@InProceedings{ LuWZ-TIME08,
    author      = {Carsten Lutz and Frank Wolter and Michael Zakharyaschev},
    title       = {Temporal Description Logics: {A} Survey},
    booktitle   = TIME08,
    year        = 2008,
    editor      = {St{\'e}phane Demri and Christian S. Jensen},
    pages       = {3--14},
    venue       = {Montr{\'e}al, Canada},
    month       = Jun,
    publisher   = {IEEE Press},
}

@Article{ Mar-AI04,
    author      = {Nicolas Markey},
    title       = {Past is for free: {O}n the complexity of verifying linear temporal properties with past},
    journal     = AI,
    volume      = 40,
    number      = {6--7},
    year        = 2004,
    pages       = {431--458},
}

@InProceedings{ Mas-IJCAI01,
    author      = {Fabio Massacci},
    title       = {Decision Procedures for Expressive Description Logics with Intersection, Composition, Converse of Roles and Role Identity},
    booktitle   = IJCAI01,
    year        = 2001,
    editor      = {Bernhard Nebel},
    pages       = {193--198},
    venue       = {Seattle, WA, USA\@},
    month       = Aug,
    publisher   = {Morgan Kaufmann, Los Altos},
}

@Article{ McCH-MI69,
    author      = {John McCarthy and Patrick J. Hayes},
    title       = {Some Philosophical Problems from the Standpoint of Artificial Intelligence},
    journal     = MI,
    year        = 1969,
    volume      = 4,
    pages       = {463--502},
}

@Article{ Min-MD81,
    author      = {Marvin Minsky},
    title       = {A Framework for Representing Knowledge},
    journal     = MD,
    year        = 1981,
    editor      = {John Haugeland},
    publisher   = {The MIT Press},
}

@Article{ Mot-JWS12,
    author      = {Boris Motik},
    title       = {Representing and Querying Validity Time in {RDF} and {OWL}: {A} Logic-Based Approach},
    journal     = JWS,
    year        = 2012,
    volume      = {12--13},
    month       = {Apr},
    pages       = {3--21},
}

@InProceedings{ Mul-SWCT63,
    author      = {David E. Muller},
    title       = {Infinite sequences and finite machines},
    booktitle   = SWCT63,
    year        = 1963,
    pages       = {3--16},
    publisher   = {IEEE Computer Society},
}

@Book{ MLhandbook-07,
    editor      = {Patrick Blackburn and Johann van Benthem and Frank Wolter},
    title       = {Handbook of Modal Logic},
    year        = 2007,
    series      = {Studies in Logic and Practical Reasoning},
    volume      = 3,
    publisher   = {Elsevier},
}

@InProceedings{ NaVa-ATVA07,
    author      = {Sumit Nain and Moshe Y. Vardi},
    title       = {Branching vs.\ Linear Time: {S}emantical Perspective},
    booktitle   = ATVA07,
    year        = 2007,
    editor      = {Kedar S. Namjoshi and Tomohiro Yoneda and Teruo Higashino and Yoshio Okamura},
    series      = LNCS,
    volume      = 4762,
    pages       = {19--34},
    venue       = {Tokyo, Japan},
    month       = Oct,
    publisher   = Springer,
}

@InProceedings{ OrCE-AAAI06,
    author      = {Magdalena Ortiz and Diego Calvanese and Thomas Eiter},
    title       = {Characterizing Data Complexity for Conjunctive Query Answering in Expressive Description Logics},
    booktitle   = AAAI06,
    year        = 2006,
    pages       = {275--280},
    venue       = {Boston, MA, USA\@},
    month       = Jul,
    publisher   = {AAAI Press},
}

@Article{ Pap-JACM81,
    author      = {Christos H. Papadimitriou},
    title       = {On the Complexity of Integer Programming},
    journal     = JACM,
    year        = 1981,
    volume      = 28,
    number      = 4,
    pages       = {765--768},
}

@InProceedings{ Pnu-FOCS77,
    author      = {Amir Pnueli},
    title       = {The Temporal Logic of Programs},
    booktitle   = FOCS77,
    year        = 1977,
    pages       = {46--57},
    venue       = {Providence, RI, USA\@},
    publisher   = {IEEE Computer Society Press},
}

@InProceedings{ PnZa-FM06,
    author      = {Amir Pnueli and Aleksandr Zaks},
    title       = {{PSL} Model Checking and Run-Time Verification Via Testers},
    booktitle   = FM06,
    year        = 2006,
    editor      = {Jayadev Misra and Tobias Nipkow and Emil Sekerinski},
    series      = LNCS,
    volume      = 4085,
    pages       = {573--586},
    venue       = {Hamilton, Canada},
    month       = Aug,
    publisher   = Springer,
}

@Article{ PCD+-JoDS08,
    author      = {Antonella Poggi and Diego Calvanese and Giuseppe {De Giacomo} and Domenico Lembo and Maurizio Lenzerini and Riccardo Rosati},
    title       = {Linking Data to Ontologies},
    journal     = JoDS,
    year        = 2008,
    volume      = {X},
    pages       = {133--173},
}

@Article{ Pra-JLLI05,
    author      = {Ian Pratt-Hartmann},
    title       = {Complexity of the Two-Variable Fragment with Counting Quantifiers},
    journal     = JLLI,
    year        = 2005,
    volume      = 14,
    number      = 3,
    pages       = {369--395},
}

@Article{ Qui-BS67,
    author      = {M. Ross Quillian},
    title       = {Word concepts: {A} theory and simulation of some basic semantic capabilities},
    journal     = BS,
    year        = 1967,
    volume      = 12,
    number      = 5,
    pages       = {410--430},
}

@Article{ Rab-ToAMS69,
    author      = {Michael O. Rabin},
    title       = {Decidability of Second-Order Theories and Automata on Infinite Trees},
    journal     = ToAMS,
    year        = 1969,
    volume      = 141,
    pages       = {1--35},
}

@Article{ RaSc-JALC99,
    author      = {Jean-Fran{\c{c}}ois Raskin and Pierre-Yves Schobbens},
    title       = {The Logic of Event Clocks~-- {D}ecidability, Complexity and Expressiveness},
    journal     = JALC,
    year        = 1999,
    volume      = 4,
    number      = 3,
    pages       = {247--286},
}

@Book{ Rei-01,
    author      = {Raymond Reiter},
    title       = {Knowledge in Action: {L}ogical Foundations for Describing and Implementing Dynamical Systems},
    year        = 2001,
    venue       = {Cambridge, MA, USA\@},
    publisher   = {The MIT Press, Bradford Books},
}

@Article{ Ros-SACS12,
    author      = {Grigore Ro{\c{s}}u},
    title       = {On Safety Properties and Their Monitoring},
    journal     = SACS,
    year        = 2012,
    volume      = 22,
    number      = 2,
    pages       = {327--365},
}

@Article{ RoHa-ASE05,
    author      = {Grigore Ro{\c{s}}u and Klaus Havelund},
    title       = {Rewriting-Based Techniques for Runtime Verification},
    journal     = ASE,
    year        = 2005,
    volume      = 12,
    number      = 2,
    pages       = {151--197},
}

@Article{ RuGl-JAIR10,
    author      = {Sebastian Rudolph and Birte Glimm},
    title       = {Nominals, Inverses, Counting, and Conjunctive Queries or: {W}hy Infinity is your Friend!},
    journal     = JAIR,
    year        = 2010,
    volume      = 39,
    number      = 1,
    pages       = {429--481},
}

@Article{ Sav-JCSS70,
    author      = {Walter J. Savitch},
    title       = {Relationships between nondeterministic and deterministic tape complexities},
    journal     = JCSS,
    year        = 1970,
    volume      = 4,
    number      = 2,
    pages       = {177--192},
    publisher   = {Elsevier},
}

@Article{ Sch-DKE94,
    author      = {Andrea Schaerf},
    title       = {Reasoning with individuals in concept languages},
    journal     = DKE,
    year        = 1994,
    volume      = 13,
    number      = 2,
    pages       = {141--176},
    publisher   = {Elsevier},
}

@Article{ Sch-JIIS93,
    author      = {Andrea Schaerf},
    title       = {On the Complexity of the Instance Checking Problem in Concept Languages with Existential Quantification},
    journal     = JIIS,
    year        = 1993,
    volume      = 2,
    number      = 3,
    pages       = {265--278},
}

@InProceedings{ Sch-IJCAI91,
    author      = {Klaus Schild},
    title       = {A Correspondence Theory for Terminological Logics: {P}reliminary Report},
    booktitle   = IJCAI91,
    year        = 1991,
    editor      = {John Mylopoulos and Raymond Reiter},
    venue       = {Sydney, Australia},
    month       = Aug,
    publisher   = {Morgan Kaufmann},
    pages       = {466--471},
}

@InProceedings{ Sch-EPIA93,
    author      = {Klaus Schild},
    title       = {Combining Terminological Logics with Tense Logic},
    booktitle   = EPIA93,
    year        = 1993,
    editor      = {Miguel Filgueiras and Lu{\'i}s Damas},
    volume      = 727,
    series      = LNCS,
    venue       = {Porto, Portugal},
    month       = Oct,
    publisher   = Springer,
    pages       = {105--120},
}

@Article{ ScSm-AIJ91,
    author      = {Manfred Schmidt-Schau{\ss} and Gert Smolka},
    title       = {Attributive Concept Descriptions with Complements},
    journal     = AIJ,
    year        = 1991,
    volume      = 48,
    number      = 1,
    pages       = {1--26},
}

@Article{ SiCl-JACM85,
    author      = {A. Prasad Sistla and Edmund M. Clarke},
    title       = {The Complexity of Proposional Linear Temporal Logics},
    journal     = JACM,
    volume      = 32,
    number      = 3,
    year        = 1985,
    pages       = {733--749},
}

@Article{ Sko-VS20,
    author      = {Thoralf Skolem},
    title       = {\foreignlanguage{ngerman}{Logisch-kombinatorische Untersuchungen {\"u}ber die Erf{\"u}llbarkeit oder Beweisbarkeit mathematischer S{\"a}tze nebst einem Theorem {\"u}ber dichte Mengen}},
    journal     = VS,
    year        = 1920,
    volume      = 4,
    pages       = {1--36},
    language    = {In German},
}

@InProceedings{ SoYe-DL12,
    author      = {Mikhail Soutchanski and Wael Yehia},
    title       = {Towards an Expressive Decidable Logical Action Theory},
    booktitle   = DL12,
    year        = 2012,
    editor      = {Yevgeny Kazakov and Domenico Lembo and Frank Wolter},
    volume      = 846,
    series      = {CEUR Workshop Proceedings},
    venue       = {Rome, Italy},
    month       = Jun,
    publisher   = CEURWS,
}

@Article{ Str-JAIR01,
    author      = {Umberto Straccia},
    title       = {Reasoning within Fuzzy Description Logics},
    journal     = JAIR,
    year        = 2001,
    volume      = 14,
    pages       = {137--166},
}

@Article{ StTh-JAL13,
    author      = {Hannes Stra{\ss} and Michael Thielscher},
    title       = {A general first-order solution to the ramification problem with cycles},
    journal     = JAL,
    year        = 2013,
    volume      = 11,
    number      = 3,
    pages       = {289--308},
}

@Article{ Str-IC82,
    author      = {Robert S. Streett},
    title       = {Propositional Dynamic Logic of Looping and Converse Is Elementarily Decidable},
    journal     = ICo,
    year        = 1982,
    volume      = 54,
    number      = {1--2},
    pages       = {121--141},
}

@InProceedings{ SBS+-AIME07,
    author      = {Boontawee Suntisrivaraporn and Franz Baader and Stefan Schulz and Kent Spackman},
    title       = {Replacing {SEP}-Triplets in {SNOMED~CT} using Tractable Description Logic Operators},
    booktitle   = AIME07,
    year        = 2007,
    editor      = {Riccardo Bellazzi and Ameen Abu-Hanna and Jim Hunter},
    series      = LNCS,
    volume      = 4594,
    pages       = {287--291},
    publisher   = Springer,
}

@PhDThesis{ Tes-PhD01,
    author      = {Sergio Tessaris},
    title       = {Questions and Answers: {R}easoning and Querying in Description Logic},
    school      = {The University of Manchester},
    year        = 2001,
    address     = {Manchester, UK},
}

@Book{ Thi-05,
    author      = {Michael Thielscher},
    title       = {Reasoning Robots: {T}he Art and Science of Programming Robotic Agents},
    year        = 2005,
    series      = ALS,
    volume      = 33,
    publisher   = Springer,
}

@Article{ Thi-AIJ97,
    author      = {Michael Thielscher},
    title       = {Ramification and Causality},
    journal     = AIJ,
    year        = 1997,
    volume      = 89,
    number      = {1--2},
    pages       = {317--364},
}

@Article{ Thi-TPLP05,
    author      = {Michael Thielscher},
    title       = {{FLUX}: {A} logic programming method for reasoning agents},
    journal     = TPLP,
    year        = 2005,
    volume      = 5,
    number      = {4--5},
    pages       = {533--565},
}

@InCollection{ Tho-90,
    author      = {Wolfgang Thomas},
    title       = {Automata on Infinite Objects},
    booktitle   = {Handbook of Theoretical Computer Science, Volume B: {F}ormal Models and Semantics},
    year        = 1990,
    editor      = {Jan van Leeuwen},
    pages       = {133--192},
    publisher   = {Elsevier/The MIT Press},
}

@Article{ Tob-JAIR00,
    author      = {Stephan Tobies},
    title       = {The Complexity of Reasoning with Cardinality Restrictions and Nominals in Expressive Description Logics}, 
    journal     = JAIR,
    year        = 2000,
    volume      = 12,
    pages       = {199--217},
}

@PhDThesis{ Tob-PhD01,
    author      = {Stephan Tobies},
    title       = {Complexity Results and Practical Algorithms for Logics in Knowledge Representation},
    school      = {RWTH Aachen},
    year        = 2001,
    address     = {Aachen, Germany},
}

@Article{ UlWo-CoRR01,
    author      = {Ulrich Ultes-Nitsche and Pierre Wolper},
    title       = {Checking Properties within Fairness and Behavior Abstractions},
    journal     = CoRR,
    year        = 2001,
    volume      = {cs.LO/0101017},
    url         = {http://arxiv.org/abs/cs.LO/0101017},
}

@InProceedings{ Var-TACAS01,
    author      = {Moshe Y. Vardi},
    title       = {Branching vs.\ Linear Time: {F}inal Showdown},
    booktitle   = TACAS01,
    year        = 2001,
    editor      = {Tiziana Margaria and Wang Yi},
    series      = LNCS,
    volume      = 2031,
    pages       = {1--22},
    venue       = {Genova, Italy},
    month       = Apr,
    publisher   = Springer,
}

@Article{ VaWo-IC94,
    author      = {Moshe Y. Vardi and Pierre Wolper},
    title       = {Reasoning About Infinite Computations},
    journal     = IC,
    year        = 1994,
    volume      = 155,
    number      = 1,
    pages       = {1--37},
}

@InProceedings{ Win-AAAI88,
    author      = {Marianne Winslett},
    title       = {Reasoning about Action Using a Possible Models Approach},
    booktitle   = AAAI88,
    year        = 1988,
    pages       = {89--93},
}

@InProceedings{ WoVS-FOCS83,
    author      = {Pierre Wolper and Moshe Y. Vardi and A. Prasad Sistla},
    title       = {Reasoning About Infinite Computation Paths},
    booktitle   = FOCS83,
    year        = 1983,
    pages       = {185--194},
    venue       = {Tucson, AZ, USA\@},
    publisher   = {IEEE Computer Society Press},
}

@InProceedings{ WoZa-FroCoS98,
    author      = {Frank Wolter and Michael Zakharyaschev},
    title       = {Temporalizing Description Logics},
    booktitle   = FroCoS98,
    year        = 2000,
    editor      = {Dov Gabbay and Maarten {de Rijke}},
    series      = {Studies in Logic and Computation},
    volume      = 7,
    pages       = {379--402},
    venue       = {Amsterdam, The Netherlands},
    publisher   = {Research Studies Press/Wiley},
}

@InProceedings{ YLL+-DL12,
    author      = {Wael Yehia and Hongkai Liu and Marcel Lippmann and Franz Baader and Mikhail Soutchanski},
    title       = {Experimental Results on Solving the Projection Problem in Action Formalisms Based on Description Logics},
    booktitle   = DL12,
    year        = 2012,
    editor      = {Yevgeny Kazakov and Domenico Lembo and Frank Wolter},
    volume      = 846,
    series      = {CEUR Workshop Proceedings},
    venue       = {Rome, Italy},
    month       = Jun,
    publisher   = CEURWS,
}
